=LDR  04101cpcaa2200565 i 4500
=001  13429697
=005  20191008125842.0
=006  t\\\\\\\\\\\\\\\\\
=008  180118s1943\\\\txu\\\\\\\\\\\\\\\\\eng\d
=035  \\$a13429697
=040  \\$aCtY-BR$beng$cCtY-BR$edcrmmss
=079  \\$a(OCoLC)1056170839
=100  1\$aElkinton, Howard W.$q(Howard West),$d1892-1955.$0http://id.loc.gov/authorities/names/no94010228
=245  10$aReport on alien internee camps :$ktypescript.
=264  \0$aTexas,$c1943.
=300  \\$a1 item (10 leaves)
=336  \\$atext$2rdacontent
=337  \\$aunmediated$2rdamedia
=338  \\$asheet$2rdacarrier
=506  0\$aThis material is open for research.
=545  \\$aHoward W. Elkinton (1892-1955) was an American Quaker who worked for the American Friends Service Committee to evaluate concentration camps for prisoners of war, refugees, and other detainees during World War II.  Representing the American Friends Service Committee, Elkinton was accompanied by representatives of the Young Men's Christian Association (YMCA) of the United States.
=520  \\$aTyped report evaluating concentration camps for prisoners of war, refugees, and other detainees in Seagoville, Kenedy, and Crystal City, Texas in 1943.  Howard W. Elkinton visited three concentration camps housing German, Japanese, German-American, Japanese-American, Peruvian, Panamanian, and Nicaraguan detainees and refugees.  Elkinton describes the conditions of the three concentration camps, including housing, food, health care, religious practice, and entertainment.  Elkinton interviewed detainees and staff at each camp.  He describes the religious demographics of the camps and includes lists of detainees who needed special assistance and intervention.
=561  \\$aPurchased from Bolerium Books on the Arthur Corbitt Hoskins Memorial Fund, 2011.
=546  \\$aIn English.
=500  \\$aTitle from caption.
=524  \\$aHoward W. Elkinton Report on Alien Internee Camps. Yale Collection of Western Americana, Beinecke Rare Book and Manuscript Library.
=600  10$aElkinton, Howard W.$q(Howard West),$d1892-1955.$0http://id.loc.gov/authorities/names/no94010228
=610  20$aAmerican Friends Service Committee.$0http://id.loc.gov/authorities/names/n79066082
=610  20$aCrystal City Internment Camp (Crystal City, Tex.)$0http://id.loc.gov/authorities/names/n2001024789
=610  20$aKenedy Alien Detention Camp (Kenedy, Tex.)
=610  20$aSeagoville Internment Camp (Seagoville, Tex.)
=610  20$aYMCA of the USA.$0http://id.loc.gov/authorities/names/n83009466
=650  \0$aConcentration camps$zTexas.
=650  \0$aGerman Americans$xEvacuation and relocation, 1941-1948.$0http://id.loc.gov/authorities/subjects/sh2003008156
=650  \0$aGermans$zUnited States.$0http://id.loc.gov/authorities/subjects/sh85054465
=650  \0$aJapanese$zUnited States.$0http://id.loc.gov/authorities/subjects/sh85069596
=650  \0$aJapanese Americans$xEvacuation and relocation, 1942-1945.$0http://id.loc.gov/authorities/subjects/sh85069606
=650  \0$aNicaraguans$zUnited States.$0http://id.loc.gov/authorities/subjects/sh96011796
=650  \0$aPanamanians$zUnited States.$0http://id.loc.gov/authorities/subjects/sh89006932
=650  \0$aPeruvians$zUnited States.$0http://id.loc.gov/authorities/subjects/sh90002583
=650  \0$aQuakers$zUnited States.
=650  \0$aWar relief$zUnited States.
=650  \0$aWorld War, 1939-1945$xConcentration camps$zTexas.
=650  \0$aWorld War, 1939-1945$xForced repatriation.$0http://id.loc.gov/authorities/subjects/sh85148414
=650  \0$aWorld War, 1939-1945$xPrisoners of war, American.
=651  \0$aCrystal City (Tex.)$0http://id.loc.gov/authorities/names/n78095768
=651  \0$aKenedy (Tex.)$0http://id.loc.gov/authorities/names/n82251774
=651  \0$aSeagoville (Tex.)$0http://id.loc.gov/authorities/names/n2011056794
=651  \0$aTexas$xPolitics and government$y1865-1950.$0http://id.loc.gov/authorities/subjects/sh85134280
=852  \\$aBeinecke Rare Book and Manuscript Library, Yale University, New Haven, CT

